<?xml version="1.0" encoding="UTF-8"?><record xmlns="http://www.loc.gov/MARC21/slim" xmlns:cinclude="http://apache.org/cocoon/include/1.0" xmlns:zs="http://www.loc.gov/zing/srw/">
  <leader>00437cz  a2200133n  4500</leader>
  <controlfield tag="001">n 2004065419</controlfield>
  <controlfield tag="003">DLC</controlfield>
  <controlfield tag="005">20130322083315.0</controlfield>
  <controlfield tag="008">040205n| azannaabn          |n aad      </controlfield>
  <datafield tag="010" ind1=" " ind2=" ">
    <subfield code="a">n 2004065419</subfield>
  </datafield>
  <datafield tag="040" ind1=" " ind2=" ">
    <subfield code="a">DLC</subfield>
    <subfield code="b">eng</subfield>
    <subfield code="e">rda</subfield>
    <subfield code="c">DLC</subfield>
    <subfield code="d">DLC</subfield>
  </datafield>
  <datafield tag="100" ind1="1" ind2=" ">
    <subfield code="a">Kelley, Craig</subfield>
    <subfield code="c">(Musician)</subfield>
  </datafield>
  <datafield tag="670" ind1=" " ind2=" ">
    <subfield code="a">Still searchin', 1997:</subfield>
    <subfield code="b">(Craig Kelley Band: Craig Kelley, vocals and guitars)</subfield>
  </datafield>
  <datafield tag="675" ind1=" " ind2=" ">
    <subfield code="a">All music guide WWW site, Feb. 5, 2004;</subfield>
    <subfield code="a">Encycl. of popular music.</subfield>
  </datafield>
</record>